@inproceedings{Carns2009,
author = {Carns, Philip and Latham, Robert and Ross, Robert and Iskra, Kamil and Lang, Samuel and Riley, Katherine},
booktitle = {2009 IEEE International Conference on Cluster Computing and Workshops},
doi = {10.1109/CLUSTR.2009.5289150},
isbn = {978-1-4244-5011-4},
issn = {15525244},
pages = {1--10},
publisher = {IEEE},
title = {{24/7 Characterization of petascale I/O workloads}},
url = {http://ieeexplore.ieee.org/lpdocs/epic03/wrapper.htm?arnumber=5289150},
year = {2009}
}

@inproceedings{Snyder2016modular,
  title={Modular HPC {I/O} characterization with Darshan},
  author={Snyder, Shane and Carns, Philip and Harms, Kevin and Ross, Robert and Lockwood, Glenn K and Wright, Nicholas J},
  booktitle={Proceedings of the 5th Workshop on Extreme-Scale Programming Tools},
  pages={9--17},
  year={2016},
  organization={IEEE Press}
}
@inproceedings{Uselton2009,
author = {Uselton, Andrew},
booktitle = {Proceedings of the 2009 Cray User Group},
title = {{Deploying Server-side File System Monitoring at NERSC}},
year = {2009}
}

@inproceedings{Lockwood2017,
address = {New York, New York, USA},
author = {Lockwood, Glenn K. and Yoo, Wucherl and Byna, Suren and Wright, Nicholas J. and Snyder, Shane and Harms, Kevin and Nault, Zachary and Carns, Philip},
booktitle = {Proceedings of the 2nd Joint International Workshop on Parallel Data Storage {\&} Data Intensive Scalable Computing Systems - PDSW-DISCS '17},
doi = {10.1145/3149393.3149395},
isbn = {9781450351348},
pages = {55--60},
publisher = {ACM Press},
title = {{UMAMI: A Recipe for Generating Meaningful Metrics through Holistic I/O Performance Analysis}},
url = {http://dl.acm.org/citation.cfm?doid=3149393.3149395},
year = {2017}
}

@inproceedings{Keopp2014,
author = {Keopp, Jeff and Longley, Harold},
booktitle = {Proceedings of the 2014 Cray User Group},
file = {:Users/glock/Documents/Mendeley/Keopp, Longley/2014/Keopp, Longley - 2014.pdf:pdf},
title = {{Cray Lustre File System Monitoring}},
year = {2014}
}

@article{Flaskerud2017,
author = {Flaskerud, Craig},
file = {:Users/glock/Documents/Mendeley/Flaskerud/2017/Flaskerud - 2017.pdf:pdf},
journal = {Proceedings of the 2017 Cray User Group},
title = {{Project Caribou Streaming Telemetry for Sonexion}},
year = {2017}
}

@article{habib2012,
  author    = {Salman Habib and
               Vitali A. Morozov and
               Hal Finkel and
               Adrian Pope and
               Katrin Heitmann and
               Kalyan Kumaran and
               Tom Peterka and
               Joseph A. Insley and
               David Daniel and
               Patricia K. Fasel and
               Nicholas Frontiere and
               Zarija Lukic},
  title     = {The Universe at Extreme Scale: Multi-Petaflop Sky Simulation on the
               {BG/Q}},
  journal   = {CoRR},
  volume    = {abs/1211.4864},
  year      = {2012},
  url       = {http://arxiv.org/abs/1211.4864},
  timestamp = {Sat, 01 Dec 2012 20:32:38 +0100},
  biburl    = {http://dblp.uni-trier.de/rec/bib/journals/corr/abs-1211-4864},
  bibsource = {dblp computer science bibliography, http://dblp.org}
}

@article{Gunawi2018,
author = {Haryadi S. Gunawi and Riza O. Suminto and Russell Sears and Casey Golliher and Swaminathan Sundararaman and Xing Lin and Tim Emami and Weiguang Sheng and Nematollah Bidokhti and Caitie McCaffrey and Gary Grider and Parks M. Fields and Kevin Harms and Robert B. Ross and Andree Jacobson and Robert Ricci and Kirk Webb and Peter Alvaro and H. Birali Runesha and Mingzhe Hao and Huaicheng Li},
title = {Fail-Slow at Scale: Evidence of Hardware Performance Faults in Large Production Systems},
booktitle = {16th {USENIX} Conference on File and Storage Technologies ({FAST} 18)},
year = {2018},
isbn = {978-1-931971-42-3},
address = {Oakland, CA},
pages = {1--14},
url = {https://www.usenix.org/conference/fast18/presentation/gunawi},
publisher = {{USENIX} Association},
}

@inproceedings{Hadri2015,
author = {Hadri, Bilel and Kortas, Samuel and Feki, S and Khurram, R and Newby, G},
booktitle = {Proceedings of the 2015 Cray User Group},
file = {:Users/glock/Documents/Mendeley/Hadri et al/2015/Hadri et al. - 2015.pdf:pdf},
keywords = {-shaheenii,class academic and research,cray xc40,datawarp,facilities and capabilities to,investment,its world-,kaust,kaust will significantly augment,monitoring,sonexion,tas},
title = {{Overview of the KAUST's Cray X40 System - Shaheen II}},
year = {2015}
}

@inproceedings{Luu:2015:HPDC,
 author = {Luu, Huong and Winslett, Marianne and Gropp, William and Ross, Robert and Carns, Philip and Harms, Kevin and Prabhat, Mr and Byna, Suren and Yao, Yushu},
 title = {{A Multiplatform Study of I/O Behavior on Petascale Supercomputers}},
 booktitle = {{Proceedings of the 24th International Symposium on High-Performance Parallel and Distributed Computing}},
 series = {{HPDC '15}},
 year = {2015},
 isbn = {978-1-4503-3550-8},
 location = {Portland, Oregon, USA},
 pages = {33--44},
 numpages = {12},
 url = {http://doi.acm.org/10.1145/2749246.2749269},
 doi = {10.1145/2749246.2749269},
} 

@inproceedings{White2017,
address = {New York, New York, USA},
author = {White, Joseph P. and Brunner, Robert and Kot, Andriy and Bauer, Gregory and Bode, Brett and Enos, Jeremy and Kramer, William and Innus, Martins and Jones, Matthew D. and DeLeon, Robert L. and Simakov, Nikolay and Palmer, Jeffrey T. and Gallo, Steven M. and Furlani, Thomas R. and Showerman, Michael},
booktitle = {Proceedings of the Practice and Experience in Advanced Research Computing 2017 on Sustainability, Success and Impact - PEARC17},
doi = {10.1145/3093338.3093348},
isbn = {9781450352727},
pages = {1--8},
publisher = {ACM Press},
title = {{Challenges of Workload Analysis on Large HPC Systems}},
url = {http://dl.acm.org/citation.cfm?doid=3093338.3093348},
volume = {Part F1287},
year = {2017}
}

@inproceedings{Butler2014,
author = {Butler, Tina},
booktitle = {Proceedings of the 2014 Cray User Group},
title = {{Using Resource Utilization Reporting to Collect DVS Usage Statistics}},
year = {2014}
}

@inproceedings{Lofstead2010,
author = {Lofstead, Jay and Zheng, Fang and Liu, Qing and Klasky, Scott and Oldfield, Ron and Kordenbrock, Todd and Schwan, Karsten and Wolf, Matthew},
booktitle = {2010 ACM/IEEE International Conference for High Performance Computing, Networking, Storage and Analysis},
doi = {10.1109/SC.2010.32},
isbn = {978-1-4244-7557-5},
month = {nov},
number = {November},
pages = {1--12},
publisher = {IEEE},
title = {{Managing Variability in the IO Performance of Petascale Storage Systems}},
url = {http://ieeexplore.ieee.org/document/5644883/},
year = {2010}
}

@inproceedings{Whitney2016,
author = {Whitney, Cary and Davis, Thomas and Bautista, Elizabeth},
booktitle = {Proceedings of the 2016 Cray User Group},
title = {{NERSC Center-wide Data Collect}},
year = {2016}
}

@inproceedings{Madireddy2017,
author = {Madireddy, Sandeep and Balaprakash, Prasanna and Carns, Philip and Latham, Robert and Ross, Robert and Snyder, Shane and Wild, Stefan M},
booktitle = {2017 International Conference on Networking, Architecture, and Storage (NAS)},
doi = {10.1109/NAS.2017.8026844},
isbn = {978-1-5386-3486-8},
month = {aug},
pages = {1--10},
publisher = {IEEE},
title = {{Analysis and Correlation of Application I/O Performance and System-Wide I/O Activity}},
url = {http://ieeexplore.ieee.org/document/8026844/},
year = {2017}
}

@misc{isdct,
booktitle = {Intel Article ID 000006289},
title = {{Intel SSD Data Center Tool}},
url = {https://www.intel.com/content/www/us/en/support/articles/000006289},
urldate = {2018-04-04},
year = {2017}
}

@inproceedings{Vishwanath2011,
address = {New York, New York, USA},
author = {Vishwanath, Venkatram and Hereld, Mark and Morozov, Vitali and Papka, Michael E.},
booktitle = {Proceedings of 2011 International Conference for High Performance Computing, Networking, Storage and Analysis on - SC '11},
doi = {10.1145/2063384.2063409},
isbn = {9781450307710},
pages = {1},
publisher = {ACM Press},
title = {{Topology-aware data movement and staging for I/O acceleration on Blue Gene/P supercomputing systems}},
url = {http://dl.acm.org/citation.cfm?doid=2063384.2063409},
year = {2011}
}

@inproceedings{Bui2014,
author = {Bui, Huy and Finkel, Hal and Vishwanath, Venkatram and Habib, Salma and Heitmann, Katrin and Leigh, Jason and Papka, Michael and Harms, Kevin},
booktitle = {2014 22nd Euromicro International Conference on Parallel, Distributed, and Network-Based Processing},
doi = {10.1109/PDP.2014.60},
isbn = {978-1-4799-2729-6},
issn = {1066-6192},
month = {feb},
pages = {107--111},
publisher = {IEEE},
title = {{Scalable Parallel I/O on a Blue Gene/Q Supercomputer Using Compression, Topology-Aware Data Aggregation, and Subfiling}},
url = {http://ieeexplore.ieee.org/document/6787260/},
year = {2014}
}

@inproceedings{Dillow2011,
author = {Dillow, David A. and Shipman, Galen M. and Oral, Sarp and Zhang, Zhe and Kim, Youngjae},
booktitle = {30th IEEE International Performance Computing and Communications Conference},
doi = {10.1109/PCCC.2011.6108062},
isbn = {978-1-4673-0012-4},
issn = {1097-2641},
keywords = {Lustre file systems,Network congestion,SeaStar network,Spider},
month = {nov},
pages = {1--9},
publisher = {IEEE},
title = {{Enhancing I/O throughput via efficient routing and placement for large-scale parallel file systems}},
url = {http://ieeexplore.ieee.org/document/6108062/},
year = {2011}
}

@inproceedings{Mubarak2017,
author = {Mubarak, Misbah and Carns, Philip and Jenkins, Jonathan and Li, Jianping Kelvin and Jain, Nikhil and Snyder, Shane and Ross, Robert and Carothers, Christopher D. and Bhatele, Abhinav and Ma, Kwan-Liu},
booktitle = {2017 IEEE International Conference on Cluster Computing (CLUSTER)},
doi = {10.1109/CLUSTER.2017.25},
isbn = {978-1-5386-2326-8},
issn = {15525244},
keywords = {Burst buffer,Checkpoint,Discrete-event simulation,Dragonfly networks,I/O and communication traffic},
month = {sep},
pages = {204--215},
publisher = {IEEE},
title = {{Quantifying I/O and Communication Traffic Interference on Dragonfly Networks Equipped with Burst Buffers}},
url = {http://ieeexplore.ieee.org/document/8048932/},
volume = {2017-Septe},
year = {2017}
}

@inproceedings{Karo2006,
author = {Karo, Michael and Lagerstrom, Richard and Kohnke, Marlys and Albing, Carl},
booktitle = {Proceedings of the 2006 Cray User Group},
title = {{The Application Level Placement Scheduler}},
year = {2006}
}

@inproceedings{Jacobsen2016,
author = {Jacobsen, Douglas M. and Botts, James F. and He, Yun Helen},
booktitle = {Proceedings of the 2016 Cray User Group},
file = {:Users/glock/Documents/Mendeley/Jacobsen, Botts, He/2016/Jacobsen, Botts, He - 2016.pdf:pdf},
title = {{SLURM. Our Way.}},
year = {2016}
}

@inproceedings{Agelastos2014ldms,
author = {Agelastos, Anthony and Allan, Benjamin and Brandt, Jim and Cassella, Paul and Enos, Jeremy and Fullop, Joshi and Gentile, Ann and Monk, Steve and Naksinehaboon, Nichamon and Ogden, Jeff and Rajan, Mahesh and Showerman, Michael and Stevenson, Joel and Taerat, Narate and Tucker, Tom},
booktitle = {SC14: International Conference for High Performance Computing, Networking, Storage and Analysis},
doi = {10.1109/SC.2014.18},
isbn = {978-1-4799-5500-8},
month = {nov},
pages = {154--165},
publisher = {IEEE},
title = {{The Lightweight Distributed Metric Service: A Scalable Infrastructure for Continuous Monitoring of Large Scale Computing Systems and Applications}},
url = {http://ieeexplore.ieee.org/document/7013000/},
year = {2014}
}

@inproceedings{Brandt2016,
author = {Brandt, J and Froese, E and Gentile, A and Kaplan, L and Allan, B and Walsh, E},
booktitle = {Proceedings of the 2016 Cray User Group},
file = {:Users/glock/Documents/Mendeley/Brandt et al/2016/Brandt et al. - 2016.pdf:pdf},
title = {{Network Performance Counter Monitoring and Analysis on the Cray XC Platform}},
year = {2016}
}

@inproceedings{Pedretti2013,
address = {Napa, CA},
author = {Pedretti, Kevin and Vaughan, Courtenay and Barrett, Richard and Devine, Karen and Hemmert, K. Scott},
booktitle = {Proceedings of the 2013 Cray User Group},
title = {{Using the Cray Gemini Performance Counters}},
url = {http://www.osti.gov/scitech/biblio/1063364-using-cray-gemini-performance-counters},
year = {2013}
}

@misc{ariesncl,
abstract = {AriesNCL is a library to monitor and record network router tile performance counters on the Aries router of Cray's Cascade/XC30 platform.},
address = {United States},
title = {{Aries Network Performance Counters Monitoring Library}},
url = {http://www.osti.gov/scitech/servlets/purl/1232554},
year = {2014}
}

@inproceedings{Groves2017,
author = {Groves, Taylor and Gu, Yizi and Wright, Nicholas J.},
booktitle = {2017 IEEE International Conference on Cluster Computing (CLUSTER)},
doi = {10.1109/CLUSTER.2017.76},
file = {:Users/glock/Documents/Mendeley/Groves, Gu, Wright/2017/Groves, Gu, Wright - 2017.pdf:pdf},
isbn = {978-1-5386-2326-8},
issn = {15525244},
keywords = {Allreduce,Aries,Dragonfly Network,HPC,MPI,Network,Performance Variability,System Noise},
month = {sep},
pages = {809--813},
publisher = {IEEE},
title = {{Understanding Performance Variability on the Aries Dragonfly Network}},
url = {http://ieeexplore.ieee.org/document/8049022/},
volume = {2017-Septe},
year = {2017}
}

@article{Simakov2015,
author = {Simakov, Nikolay A. and White, Joseph P. and DeLeon, Robert L. and Ghadersohi, Amin and Furlani, Thomas R. and Jones, Matthew D. and Gallo, Steven M. and Patra, Abani K.},
doi = {10.1002/cpe.3564},
isbn = {2007015102},
issn = {15320626},
journal = {Concurrency and Computation: Practice and Experience},
keywords = {performance monitoring,HPC,application kernels},
month = {dec},
number = {17},
pages = {5238--5260},
title = {{Application kernels: HPC resources performance monitoring and variance analysis}},
url = {http://doi.wiley.com/10.1002/cpe.3564},
volume = {27},
year = {2015}
}

@inproceedings{Byna2013,
address = {Napa, CA},
author = {Byna, Surendra and Uselton, Andrew and Knaak, David and He, Yun Helen},
booktitle = {Proceedings of the 2013 Cray User Group},
keywords = {io},
mendeley-tags = {io},
title = {{Lessons Learned from a Hero I/O Run on Hopper}},
year = {2013}
}

@inproceedings{Henseler2016,
address = {London},
author = {Henseler, Dave and Landsteiner, Benjamin and Petesch, Doug and Wright, Cornell and Wright, Nicholas J.},
booktitle = {Proceedings of the 2016 Cray User Group},
keywords = {architecture,burst buffer,datawarp,filesystems,io,ssd},
mendeley-tags = {architecture,burst buffer,io},
title = {{Architecture and Design of Cray DataWarp}},
url = {https://cug.org/proceedings/cug2016{\_}proceedings/includes/files/pap105.pdf},
year = {2016}
}

@inproceedings{patwary2015bd,
  title={BD-CATS: big data clustering at trillion particle scale},
  author={Patwary, Md Mostofa Ali and Byna, Suren and Satish, Nadathur Rajagopalan and Sundaram, Narayanan and Luki{\'c}, Zarija and Roytershteyn, Vadim and Anderson, Michael J and Yao, Yushu and Dubey, Pradeep and others},
  booktitle={High Performance Computing, Networking, Storage and Analysis, 2015 SC-International Conference for},
  pages={1--12},
  year={2015},
  organization={IEEE}
}